<?xml version="1.0" encoding="UTF-8"?><collection xmlns="http://www.loc.gov/MARC21/slim"><record><leader>00384nam--2200133-i-4500</leader><controlfield tag="001">000004218</controlfield><controlfield tag="002">20161230</controlfield><controlfield tag="005">20161230201025</controlfield><controlfield tag="008">060222s1000------------r-----000-0-eng-d</controlfield><datafield ind1=" " ind2=" " tag="080"><subfield code="a">62</subfield></datafield><datafield ind1=" " ind2=" " tag="100"><subfield code="a">Barbulescu, V. Si Mihartescu, A</subfield></datafield><datafield ind1=" " ind2=" " tag="245"><subfield code="a">Procedeu de schitare a pieselor industriale</subfield></datafield><datafield ind1=" " ind2=" " tag="260"><subfield code="a">Bucuresti, Ed.Consiliului Central Al Sindica- Telor, 1958. 124 P. + Pl</subfield></datafield><datafield ind1=" " ind2=" " tag="852"><subfield code="a">5346</subfield></datafield></record></collection>